@string{y = "1983"}
@article{a,
	author = "A",
	title  = "A",
	journal= "Nature",
	year   = "200"
} volume, number, pages, month, note, key
@book{b,
	author = "B",
	title  = "B",
	publisher= "B",
	year   = "200"
} author or editor, volume, series, address, edition, month, note, key
@booklet{c,
	title  = "C"
} author, howpublished, address, month, year, note, key
@conference{d,
	author = "D",
	title  = "D",
	booktitle= "D",
	year   = "200"
} editor, pages, organization, publisher, address, month, note, key
@inbook{e,
	author = "E",
	title  = "E",
	chapter= "1",
	publisher= "E",
	year   = "200"
} author or editor, chapter and/or pages, volume, series, address, edition, month, note, key
@incollection{f,
	author = "F",
	title  = "F",
	booktitle= "F",
	year   = "200"
} editor, pages, organization, publisher, address, month, note, key
@inproceedings_{g,
	author = "G",
	title  = "G",
	booktitle= "G",
	year   = "200"
} editor, pages, organization, publisher, address, month, note, key
@manual{h,
	title  = "H"
} author, organization, address, edition, month, year, note, key
@mastersthesis{i,
	author = "I",
	title  = "I",
	school = "McGill",
	year   = "200"
} address, month, note, key
@misc{j
} author, title, howpublished, month, year, note, key
@phdthesis{k,
	author = "K",
	title  = "K",
	school = "McGill",
	year   = "200"
} address, month, note, key
@proceedings{l,
	title  = "L",
	year   = "200"
} editor, publisher, organization, address, month, note, key
@techreport{m,
	author = "M",
	title  = "M",
	institution= "McGill",
	year   = "200"
} type, number, address, month, note, key
@unpublised{n,
	author = "N",
	title  = "N",
	note   = "N"
} month, year, key
